% Encoding: UTF-8

@Misc{luis2020dissymmetric,
  author        = {Fernando Luis and Pablo J. Alonso and Olivier Roubeau and Verónica Velasco and David Zueco and David Aguila and Leoní A. Barrios and Guillem Aromí},
  title         = {A dissymmetric [Gd$_{2}$] coordination molecular dimer hosting six addressable spin qubits},
  year          = {2020},
  archiveprefix = {arXiv},
  eprint        = {2006.08528},
  primaryclass  = {quant-ph},
}

@Misc{savasta2020gauge,
  author        = {Salvatore Savasta and Omar Di Stefano and Alessio Settineri and David Zueco and Stephen Hughes and Franco Nori},
  title         = {Gauge Principle and Gauge Invariance in Quantum Two-Level Systems},
  year          = {2020},
  archiveprefix = {arXiv},
  eprint        = {2006.06583},
  primaryclass  = {quant-ph},
}

@Comment{jabref-meta: databaseType:bibtex;}
