@inproceedings{gouyon2000use,
  title={On the use of zero-crossing rate for an application of classification of percussive sounds},
  author={Gouyon, Fabien and Pachet, Fran{\c{c}}ois and Delerue, Olivier and others},
  booktitle={Proceedings of the COST G-6 conference on Digital Audio Effects (DAFX-00), Verona, Italy},
  volume={5},
  pages={16},
  year={2000}
}

@book{knees2016music,
  title={Music similarity and retrieval: an introduction to audio-and web-based strategies},
  author={Knees, Peter and Schedl, Markus},
  volume={9},
  year={2016},
  publisher={Springer}
}

@inproceedings{jiang2002music,
  title={Music type classification by spectral contrast feature},
  author={Jiang, Dan-Ning and Lu, Lie and Zhang, Hong-Jiang and Tao, Jian-Hua and Cai, Lian-Hong},
  booktitle={Proceedings. IEEE International Conference on Multimedia and Expo},
  volume={1},
  pages={113--116},
  year={2002},
  organization={IEEE}
}

@inproceedings{mcfee2015librosa,
  title={librosa: Audio and music signal analysis in python},
  author={McFee, Brian and Raffel, Colin and Liang, Dawen and McVicar, Matt and Battenberg, Eric and Nieto, Oriol},
  year={2015}
}

@inproceedings{harte2006detecting,
  title={Detecting harmonic change in musical audio},
  author={Harte, Christopher and Sandler, Mark and Gasser, Martin},
  booktitle={Proceedings of the 1st ACM workshop on Audio and music computing multimedia},
  pages={21--26},
  year={2006}
}

@inproceedings{kashinoetal,
  author={Kashino, K. and Murase, H.},
  booktitle={Proceedings of the 1998 IEEE International Conference on Acoustics, Speech and Signal Processing, ICASSP '98 (Cat. No.98CH36181)}, 
  title={Music recognition using note transition context}, 
  year={1998},
  volume={6},
  number={},
  pages={3593-3596 vol.6},
  doi={10.1109/ICASSP.1998.679655}
}

@inproceedings{Racharla_2020,
	doi = {10.1109/spin48934.2020.9071125},
  
	url = {https://doi.org/10.1109%2Fspin48934.2020.9071125},
  
	year = 2020,
	month = {feb},
  
	publisher = {{IEEE}
},
  
	author = {Karthikeya Racharla and Vineet Kumar and Chaudhari Bhushan Jayant and Ankit Khairkar and Paturu Harish},
  
	title = {Predominant Musical Instrument Classification based on Spectral Features},
  
	booktitle = {2020 7th International Conference on Signal Processing and Integrated Networks ({SPIN})}
}

@article{lekshmietal,
author = {C.R, Lekshmi and Rajan, Rajeev},
year = {2022},
month = {05},
pages = {},
title = {Transformer-based ensemble method for multiple predominant instruments recognition in polyphonic music},
volume = {2022},
journal = {EURASIP Journal on Audio, Speech, and Music Processing},
doi = {10.1186/s13636-022-00245-8}
}

@ARTICLE{hanetal_2016,
  author={Han, Yoonchang and Kim, Jaehun and Lee, Kyogu},
  journal={IEEE/ACM Transactions on Audio, Speech, and Language Processing}, 
  title={Deep Convolutional Neural Networks for Predominant Instrument Recognition in Polyphonic Music}, 
  year={2017},
  volume={25},
  number={1},
  pages={208-221},
  doi={10.1109/TASLP.2016.2632307}}

@inproceedings{audioset2017,
title	= {Audio Set: An ontology and human-labeled dataset for audio events},
author	= {Jort F. Gemmeke and Daniel P. W. Ellis and Dylan Freedman and Aren Jansen and Wade Lawrence and R. Channing Moore and Manoj Plakal and Marvin Ritter},
year	= {2017},
booktitle	= {Proc. IEEE ICASSP 2017},
address	= {New Orleans, LA}
}

@inproceedings{Diment2013ModifiedGD,
  title={Modified Group Delay Feature for Musical Instrument Recognition},
  author={Aleksandr Diment and Padmanabhan Rajan and Toni Heittola and Tuomas Virtanen},
  year={2013}
}

@article{cooley1965algorithm,
  title={An algorithm for the machine calculation of complex Fourier series},
  author={Cooley, James W and Tukey, John W},
  journal={Mathematics of computation},
  volume={19},
  number={90},
  pages={297--301},
  year={1965}
}

@book{kong2020python,
  title={Python programming and numerical methods: A guide for engineers and scientists},
  author={Kong, Qingkai and Siauw, Timmy and Bayen, Alexandre},
  year={2020},
  publisher={Academic Press}
}

@book{walpole1993probability,
  title={Probability and statistics for engineers and scientists},
  author={Walpole, Ronald E and Myers, Raymond H and Myers, Sharon L and Ye, Keying},
  volume={5},
  year={1993},
  publisher={Macmillan New York}
}

@inproceedings{specaugment,
author = {Park, Daniel and Chan, William and Zhang, Yu and Chiu, Chung-Cheng and Zoph, Barret and Cubuk, Ekin and Le, Quoc},
year = {2019},
month = {09},
pages = {2613-2617},
title = {SpecAugment: A Simple Data Augmentation Method for Automatic Speech Recognition},
doi = {10.21437/Interspeech.2019-2680}
}

@article{gong2021ast,
  title={Ast: Audio spectrogram transformer},
  author={Gong, Yuan and Chung, Yu-An and Glass, James},
  journal={arXiv preprint arXiv:2104.01778},
  year={2021}
}

@article{vaswani2017attention,
  title={Attention is all you need},
  author={Vaswani, Ashish and Shazeer, Noam and Parmar, Niki and Uszkoreit, Jakob and Jones, Llion and Gomez, Aidan N and Kaiser, {\L}ukasz and Polosukhin, Illia},
  journal={Advances in neural information processing systems},
  volume={30},
  year={2017}
}

@article{devlin2018bert,
  title={BERT: Pre-training of Deep Bidirectional Transformers for Language Understanding},
  author={Devlin, Jacob and Chang, Ming-Wei and Lee, Kenton and Toutanova, Kristina N},
  year={2018}
}

@article{brown2020language,
  title={Language models are few-shot learners},
  author={Brown, Tom and Mann, Benjamin and Ryder, Nick and Subbiah, Melanie and Kaplan, Jared D and Dhariwal, Prafulla and Neelakantan, Arvind and Shyam, Pranav and Sastry, Girish and Askell, Amanda and others},
  journal={Advances in neural information processing systems},
  volume={33},
  pages={1877--1901},
  year={2020}
}

@article{yang2019xlnet,
  title={Xlnet: Generalized autoregressive pretraining for language understanding},
  author={Yang, Zhilin and Dai, Zihang and Yang, Yiming and Carbonell, Jaime and Salakhutdinov, Russ R and Le, Quoc V},
  journal={Advances in neural information processing systems},
  volume={32},
  year={2019}
}

@article{raffel2020exploring,
  title={Exploring the limits of transfer learning with a unified text-to-text transformer},
  author={Raffel, Colin and Shazeer, Noam and Roberts, Adam and Lee, Katherine and Narang, Sharan and Matena, Michael and Zhou, Yanqi and Li, Wei and Liu, Peter J},
  journal={The Journal of Machine Learning Research},
  volume={21},
  number={1},
  pages={5485--5551},
  year={2020},
  publisher={JMLRORG}
}

@article{kolesnikov2021image,
  title={An Image is Worth 16x16 Words: Transformers for Image Recognition at Scale},
  author={Kolesnikov, Alexander and Dosovitskiy, Alexey and Weissenborn, Dirk and Heigold, Georg and Uszkoreit, Jakob and Beyer, Lucas and Minderer, Matthias and Dehghani, Mostafa and Houlsby, Neil and Gelly, Sylvain and others},
  year={2021}
}

@INPROCEEDINGS {resnet,
author = {K. He and X. Zhang and S. Ren and J. Sun},
booktitle = {2016 IEEE Conference on Computer Vision and Pattern Recognition (CVPR)},
title = {Deep Residual Learning for Image Recognition},
year = {2016},
volume = {},
issn = {1063-6919},
pages = {770-778},
keywords = {training;degradation;complexity theory;image recognition;neural networks;visualization;image segmentation},
doi = {10.1109/CVPR.2016.90},
url = {https://doi.ieeecomputersociety.org/10.1109/CVPR.2016.90},
publisher = {IEEE Computer Society},
address = {Los Alamitos, CA, USA},
month = {jun}
}

@article{kingma2014adam,
  title={Adam: A method for stochastic optimization},
  author={Kingma, Diederik P and Ba, Jimmy},
  journal={arXiv preprint arXiv:1412.6980},
  year={2014}
}

@inproceedings{bosch2012comparison,
  title={A Comparison of Sound Segregation Techniques for Predominant Instrument Recognition in Musical Audio Signals.},
  author={Bosch, Juan J and Janer, Jordi and Fuhrmann, Ferdinand and Herrera, Perfecto},
  booktitle={ISMIR},
  pages={559--564},
  year={2012}
}